@article{greenland2019import,
  title={Import competition and internal migration},
  author={Greenland, Andrew and Lopresti, John and McHenry, Peter},
  journal={Review of Economics and Statistics},
  volume={101},
  number={1},
  pages={44--59},
  year={2019},
  publisher={MIT Press}
}

@article{pierce2016surprisingly,
  title={The surprisingly swift decline of US manufacturing employment},
  author={Pierce, Justin R and Schott, Peter K},
  journal={American Economic Review},
  volume={106},
  number={7},
  pages={1632--62},
  year={2016}
}

@techreport{tolbert1996us,
  title={US commuting zones and labor market areas: A 1990 update},
  author={Tolbert, Charles M and Sizer, Molly},
  year={1996}
}

@article{autor2016china,
  title={The china shock: Learning from labor-market adjustment to large changes in trade},
  author={Autor, David H and Dorn, David and Hanson, Gordon H},
  journal={Annual Review of Economics},
  volume={8},
  pages={205--240},
  year={2016},
  publisher={Annual Reviews}
}



@article{greenland2019import,
  title={Import competition and internal migration},
  author={Greenland, Andrew and Lopresti, John and McHenry, Peter},
  journal={Review of Economics and Statistics},
  volume={101},
  number={1},
  pages={44--59},
  year={2019},
  publisher={MIT Press}
}


@article{kovak2013regional,
  title={Regional effects of trade reform: What is the correct measure of liberalization?},
  author={Kovak, Brian K},
  journal={American Economic Review},
  volume={103},
  number={5},
  pages={1960--76},
  year={2013}
}